<record xmlns='http://www.loc.gov/MARC21/slim'><leader>02059ctcaa2200385 a 4500</leader><controlfield tag='001'>1070015</controlfield><controlfield tag='005'>20180901191028.0</controlfield><controlfield tag='008'>930114i19211975xx            001 0deng  </controlfield><datafield ind1='1' ind2=' ' tag='019'><subfield code='a'>2478191</subfield></datafield><datafield ind1=' ' ind2=' ' tag='035'><subfield code='9'>(AuCNLDY)1988917</subfield></datafield><datafield ind1=' ' ind2=' ' tag='035'><subfield code='a'>1070015</subfield></datafield><datafield ind1=' ' ind2=' ' tag='040'><subfield code='a'>ANL:MS</subfield><subfield code='b'>eng</subfield><subfield code='c'>ANL:MS</subfield><subfield code='d'>ANL-FLM</subfield><subfield code='d'>ANL</subfield></datafield><datafield ind1=' ' ind2=' ' tag='043'><subfield code='a'>a-pp---</subfield></datafield><datafield ind1='2' ind2=' ' tag='045'><subfield code='b'>d1921</subfield><subfield code='b'>d1975</subfield></datafield><datafield ind1='1' ind2=' ' tag='100'><subfield code='a'>Groves, William C.,</subfield><subfield code='d'>1898-1967.</subfield></datafield><datafield ind1='1' ind2='0' tag='245'><subfield code='a'>Papers of William C. Groves,</subfield><subfield code='f'>1921-1975</subfield><subfield code='h'>[manuscript].</subfield></datafield><datafield ind1=' ' ind2=' ' tag='260'><subfield code='c'>[1921-1975]</subfield></datafield><datafield ind1=' ' ind2=' ' tag='300'><subfield code='a'>64 cm.</subfield></datafield><datafield ind1=' ' ind2=' ' tag='500'><subfield code='a'>Manuscript reference no. : MS 6068.</subfield></datafield><datafield ind1=' ' ind2=' ' tag='506'><subfield code='a'>Available for research. Not for loan.</subfield></datafield><datafield ind1='4' ind2=' ' tag='510'><subfield code='a'>Guide to collections of manuscripts relating to Australia ;</subfield><subfield code='c'>D1136</subfield></datafield><datafield ind1=' ' ind2=' ' tag='520'><subfield code='a'>There are field-work notebooks and diaries, documents relating to his war service and experiences as a prisoner-of-war, drafts of monographs, journal articles and broadcast talks. There are cuttings of non-scientific articles and reviews of his book &quot;Native Education and Culture Contact in New Guinea&quot;. Correspondence includes both business and personal material. His service as Chief Scout Commissioner is reflected in correspondence and photographs. There are also diaries and memoirs kept by his wife Mrs. Doris Groves, who went to Papua and New Guinea as a missionary in 1921.</subfield></datafield><datafield ind1=' ' ind2=' ' tag='545'><subfield code='a'>Groves was an Australian anthropologist and educationalist who worked in Papua New Guinea from 1922 until 1958. He was Director of Education and Chief Scout Commissioner. He served in both World Wars.</subfield></datafield><datafield ind1='0' ind2=' ' tag='555'><subfield code='a'>Preliminary list available.</subfield></datafield><datafield ind1='1' ind2='0' tag='600'><subfield code='a'>Groves, William C.,</subfield><subfield code='d'>1898-1967</subfield><subfield code='v'>Archives.</subfield></datafield><datafield ind1='1' ind2='0' tag='600'><subfield code='a'>Groves, Doris</subfield><subfield code='x'>Archives.</subfield></datafield><datafield ind1=' ' ind2='0' tag='650'><subfield code='a'>Boy Scouts.</subfield></datafield><datafield ind1=' ' ind2='0' tag='650'><subfield code='a'>Soldiers</subfield><subfield code='v'>Archives.</subfield></datafield><datafield ind1=' ' ind2='0' tag='650'><subfield code='a'>Missionaries</subfield><subfield code='z'>Papua New Guinea</subfield><subfield code='v'>Archives.</subfield></datafield><datafield ind1=' ' ind2='0' tag='650'><subfield code='a'>Anthropologists</subfield><subfield code='z'>Papua New Guinea</subfield><subfield code='v'>Archives.</subfield></datafield><datafield ind1=' ' ind2='7' tag='656'><subfield code='a'>Soldiers.</subfield><subfield code='2'>lcsh</subfield></datafield><datafield ind1=' ' ind2='7' tag='656'><subfield code='a'>Anthropologists.</subfield><subfield code='2'>lcsh</subfield></datafield><datafield ind1=' ' ind2='7' tag='656'><subfield code='a'>Missionaries.</subfield><subfield code='2'>lcsh</subfield></datafield><datafield ind1='1' ind2=' ' tag='700'><subfield code='a'>Groves, Doris.</subfield></datafield><datafield ind1='4' ind2='2' tag='856'><subfield code='z'>Finding aid at National Library of Australia</subfield><subfield code='u'>http://nla.gov.au/nla.obj-243021834/findingaid</subfield></datafield></record>